<?xml version="1.0" encoding="UTF-8"?>
<collection xmlns:xsi="http://www.w3.org/2001/XMLSchema-instance" xsi:schemaLocation="http://www.loc.gov/MARC21/slim http://www.loc.gov/standards/marcxml/schema/MARC21slim.xsd" xmlns="http://www.loc.gov/MARC21/slim">
<record>
  <leader>01284cam a22002531a 4500</leader>
  <controlfield tag="001">3170326</controlfield>
  <controlfield tag="003">NNC</controlfield>
  <controlfield tag="005">20130520201134.0</controlfield>
  <controlfield tag="008">981230s1904    ua            000 0 ara d</controlfield>
  <datafield tag="035" ind1=" " ind2=" ">
    <subfield code="a">(OCoLC)ocm40556150</subfield>
  </datafield>
  <datafield tag="035" ind1=" " ind2=" ">
    <subfield code="9">AUB1603CU</subfield>
  </datafield>
  <datafield tag="035" ind1=" " ind2=" ">
    <subfield code="a">(NNC)3170326</subfield>
  </datafield>
  <datafield tag="035" ind1=" " ind2=" ">
    <subfield code="a">3170326</subfield>
  </datafield>
  <datafield tag="040" ind1=" " ind2=" ">
    <subfield code="a">CUD</subfield>
    <subfield code="c">CUD</subfield>
    <subfield code="d">OCL</subfield>
    <subfield code="d">ZCU</subfield>
  </datafield>
  <datafield tag="099" ind1=" " ind2=" ">
    <subfield code="a">893.7Ab913</subfield>
    <subfield code="a">L1</subfield>
  </datafield>
  <datafield tag="130" ind1="0" ind2=" ">
    <subfield code="a">Ḥamāsah.</subfield>
  </datafield>
  <datafield tag="245" ind1="1" ind2="0">
    <subfield code="a">Dīwān ʾal-Ḥamāsah :</subfield>
    <subfield code="b">wa-huwa mā ʾik︠h︡tārahu ʾAbū Tammām Ḥabīb ibn ʾAws ʾal-Ṭāʾī min ʾas︠h︡ʻār ʾal-ʻArab : wa-ʻalayhi s︠h︡arḥ yaḥullu g︠h︡arīb mufradātihi wa-yubayyinu ʾal-murād min ʾabyātihi, muk︠h︡taṣar min S︠h︡arḥ ʾal-ʻAllāmah ʾal-Tibrīzī, maʻa s︠h︡akl ʾal-matn bi-ʾal-s︠h︡akl ʾal-kāmil /</subfield>
    <subfield code="c">li-Muḥammad ʻAbd ʾal-Qādir Saʻīd ʾal-Rāfiʻī.</subfield>
  </datafield>
  <datafield tag="260" ind1=" " ind2=" ">
    <subfield code="a">Miṣr :</subfield>
    <subfield code="b">Maṭbaʻat ʾal-Tawfīq,</subfield>
    <subfield code="c">1322 [1904]</subfield>
  </datafield>
  <datafield tag="300" ind1=" " ind2=" ">
    <subfield code="a">2 v. in 1 (338, 336 p.) ;</subfield>
    <subfield code="c">21 cm.</subfield>
  </datafield>
  <datafield tag="650" ind1=" " ind2="0">
    <subfield code="a">Arabic poetry</subfield>
    <subfield code="y">750-1258.</subfield>
  </datafield>
  <datafield tag="700" ind1="1" ind2=" ">
    <subfield code="a">Rāfiʻī, Muḥammad ʻAbd ʼal-Qādir Saʻīd.</subfield>
  </datafield>
  <datafield tag="700" ind1="0" ind2=" ">
    <subfield code="a">Abū Tammām Ḥabīb ibn Aws al-Ṭāʼī,</subfield>
    <subfield code="d">active 808-842.</subfield>
  </datafield>
  <datafield tag="700" ind1="1" ind2=" ">
    <subfield code="a">Tibrīzī, Yaḥyá ibn ʻAlī,</subfield>
    <subfield code="d">-1109.</subfield>
    <subfield code="t">S͡harḥ ʻalá dīwān ʼas͡hʻār ʼal-Ḥamāsah.</subfield>
  </datafield>
  <datafield tag="955" ind1=" " ind2=" ">
    <subfield code="b">CU58952020</subfield>
    <subfield code="d">off,glx</subfield>
    <subfield code="e">893.7Ab913 L1</subfield>
  </datafield>
</record>
</collection>